% This file was created with JabRef 2.8.1.
% Encoding: Cp1250


@BOOK{con:2001,
  title = {Reliability improvement with design of experiments},
  publisher = {Marcel Dekker Inc.},
  year = {2001},
  author = {L. W. Condra},
  owner = {mraz},
  timestamp = {2012.10.02}
}

@BOOK{dod:1999,
  title = {Reliability engineering handbook},
  publisher = {Marcel Dekker, Inc.},
  year = {1999},
  author = {B. Dodson and D.Nolan},
  owner = {mraz},
  timestamp = {2015.10.02}
}

@BOOK{els:1996,
  title = {Reliability Engineering},
  publisher = {Addison Wesley Longman Inc.},
  year = {1996},
  author = {E. A. Elsayed},
  owner = {mraz},
  timestamp = {2012.10.02}
}

@BOOK{xie:2004,
  title = {Computing systems reliability},
  publisher = {Kluwer Academic},
  year = {2004},
  author = {M. Xie and Y. S. Dai and K. L. Poh},
  owner = {mraz},
  timestamp = {2012.10.02}
}

@BOOK{pet:1996,
  title = {Fatal defect - chasing killer computer bugs},
  publisher = {Vintage Books},
  year = {1996},
  author = {I. Petersen},
  owner = {mraz},
  timestamp = {2012.10.02}
}

@BOOK{sho:2002,
  title = {Reliability of computer systems and networks: fault tolerance, analysis, and design},
  publisher = {J.Wiley and Sons},
  year = {2002},
  author = {M. L. Shooman},
  owner = {mraz},
  timestamp = {2012.10.02}
}

@ELECTRONIC{Using,
  month = {Marec},
  year = {2015},
  title = {{Using models to predict semiconductor failures}},
  howpublished = {\url{http://www.edn.com/electronics-news/4378957/Using-Models-to-Predict-Semiconductor-Failures/}}
}

@ELECTRONIC{Rel1,
  month = {Marec},
  year = {2015},
  title = {{Prediction methods}},
  howpublished = {\url{http://www.reliasoft.com/newsletter/v9i1/prediction_methods.htm/}}
}

@ELECTRONIC{Wei1,
  month = {Marec},
  year = {2015},
  title = {{Arrhenius relationship}},
  howpublished = {\url{http://www.weibull.com/AccelTestWeb/arrhenius_relationship_chap_.htm/}}
}

@BOOK{top:2009,
  title = {Zanesljivost in vzdrževanje komponent in sistemov},
  publisher = {Založba FE in FRI},
  year = {2009},
  author = {M. Topiè},
  owner = {mraz},
  timestamp = {2012.10.02}
}

@ELECTRONIC{Wei2,
  month = {Marec},
  year = {2015},
  title = {{Reliability Engineering Resource Website}},
  howpublished = {\url{http://www.weibull.com//}}
}

@ELECTRONIC{Ami1,
  month = {Marec},
  year = {2015},
  title = {{Estimating time-to-fail}},
  howpublished = {\url{http://www.ami.ac.uk/courses/topics/0163_ettf/index.html//}}
}

@ELECTRONIC{Itl1,
  month = {Marec},
  year = {2015},
  title = {{Engineering statistics}},
  howpublished = {\url{http://www.itl.nist.gov/div898/handbook//}}
}

@ELECTRONIC{Hal1,
  month = {Marec},
  year = {2015},
  title = {{Reliability services}},
  howpublished = {\url{http://www.halthass.co.nz/reliability-services//}}
}

@BOOK{mil217,
  title = {MIL-HDBK-217F: Reliability prediction of electronic equipment},
  publisher = {Department of Defense, USA},
  year = {1991},
  author = {Department of Defense},
  owner = {mmoskon},
  timestamp = {2012.10.02}
}

@BOOK{iec62380,
  title = {Reliability data handbook},
  publisher = {International Electrotechnical Comission, Switzerland},
  year = {2004},
  author = {IEC National Committees},
  owner = {mmoskon},
  timestamp = {2012.10.02}
}

@BOOK{pat1,
  title = {Software testing},
  publisher = {Sams, USA},
  year = {2000},
  author = {R. Patton},
  owner = {mmoskon},
  timestamp = {2012.10.02}
}

@BOOK{pha1,
  title = {Software reliability},
  publisher = {Springer - Verlag, Singapore},
  year = {2000},
  author = {H. Pham},
  owner = {mmoskon},
  timestamp = {2012.10.02}
}

@BOOK{rau1,
  title = {System reliability theory: Models, statistical methods, and applications},
  publisher = {John Wiley \& Sons, Inc.},
  year = {2004},
  author = {M. Rausand, A.Hoyland},
  owner = {mmoskon},
  timestamp = {2012.10.02}
}

@ELECTRONIC{Msd1,
  month = {April},
  year = {2015},
  title = {{Code metrics values - Microsoft Visual studio 2013}},
  howpublished = {\url{https://msdn.microsoft.com/en-us/library/bb385914.aspx/}}
}

@ELECTRONIC{TestWell,
  month = {April},
  year = {2015},
  title = {{Code Complexity Measures}},
  howpublished = {\url{http://www.verifysoft.com/en_cmtx.html/}}
}

@BOOK{mcder,
  title = {The basics of FMEA},
  publisher = {Productivity Inc., Portland, ZDA},
  year = {1996},
  author = {R.E. McDermott and R.J. Mikulak and M.R. Beauregard},
  owner = {mmoskon},
  timestamp = {2012.10.02}
}

@BOOK{sch2,
  title = {The Fault Tree Method},
  publisher = {LiLoLe Verlag GmbH, Nemèija},
  year = {1999},
  author = {W.G. Schneeweiss},
  owner = {mmoskon},
  timestamp = {2012.10.02}
}

@BOOK{puk1,
  title = {Modelling for Reliability Analysis},
  publisher = {IEEE Press, ZDA},
  year = {1998},
  author = {J. Pukite and J. Pukite},
  owner = {mmoskon},
  timestamp = {2012.10.02}
}

@BOOK{sch1,
  title = {Petri Nets for Reliability Modeling},
  publisher = {LiLoLe Verlag GmbH, Nemèija},
  year = {1999},
  author = {W.G. Schneeweiss},
  owner = {mmoskon},
  timestamp = {2012.10.02}
}

@BOOK{mra1,
  title = {Modeliranje raèunalniških omrežij},
  publisher = {Založba FE in FRI, Ljubljana, Slovenija},
  year = {2012},
  author = {M. Mraz and M. Moškon},
  owner = {mmoskon},
  timestamp = {2012.10.02}
}






@INPROCEEDINGS{jensen:1997,
  author = {Kurt Jensen},
  title = {A Brief Introduction to Coloured Petri Nets},
  booktitle = {Proceedings of the Third International Workshop on Tools and Algorithms
	for Construction and Analysis of Systems (TACAS '97)},
  year = {1997},
  owner = {mmoskon},
  timestamp = {2012.10.02}
}


@INBOOK{varga:2010a,
  chapter = {OMNeT++},
  pages = {35--59},
  title = {Modeling and Tools for Network Simulation},
  publisher = {Springer-Verlag},
  year = {2010},
  editor = {Klaus Wehrle and Mesut Günes and James Gross},
  author = {András Varga},
  owner = {mmoskon},
  timestamp = {2012.05.21}
}

@MANUAL{varga:2010b,
  title = {OMNeT++ User Manual, Version 4.1},
  author = {András Varga},
  organization = {OpenSim Ltd.},
  year = {2010},
  owner = {mmoskon},
  timestamp = {2012.05.22}
}

@ARTICLE{murata:1989, 
auTHor = "T. Murata", 
Title = {Petri Nets: Properties, Analysis and Applications}, 
publisher = "Proceedings of The IEEE, Vol. 77, No.4" # "ody", 
YEAR = 1989, 
}


@comment{jabref-meta: selector_publisher:}

@comment{jabref-meta: selector_author:}

@comment{jabref-meta: selector_journal:}

@comment{jabref-meta: selector_keywords:}

